@book{UN,
  title={World population ageing 1950-2050},
  author={ONU},
  year={2002}
}

@inproceedings{hanson2001web,
  title={Web access for elderly citizens},
  author={Hanson, Vicki L},
  booktitle={Proceedings of the 2001 EC/NSF workshop on Universal accessibility of ubiquitous computing: providing for the elderly},
  pages={14--18},
  year={2001},
  organization={ACM}
}

@inproceedings{czaja2002designing,
  title={Designing computer systems for older adults},
  author={Czaja, Sara J and Lee, Chin Chin},
  booktitle={The human-computer interaction handbook},
  pages={413--427},
  year={2002},
  organization={L. Erlbaum Associates Inc.}
}

@article{czaja1996aging,
  title={Aging and the acquisition of computer skills},
  author={Czaja, Sara J},
  journal={Aging and skilled performance: Advances in theory and applications},
  pages={201--221},
  year={1996},
  publisher={Erlbaum, Mahwah, NJ}
}

@incollection{holzinger2007some,
  title={On some aspects of improving mobile applications for the elderly},
  author={Holzinger, Andreas and Searle, Gig and Nischelwitzer, Alexander},
  booktitle={Universal Acess in Human Computer Interaction. Coping with Diversity},
  pages={923--932},
  year={2007},
  publisher={Springer}
}

@article{wolf2010elderly,
  title={The Elderly \& Computer Technology: Designing and Developing a Web-Based Learning System for Senior Citizens Students},
  author={Wolf, Trent T and Maxfield, Leadership Dr M},
  year={2010}
}

@article{gatto2008computer,
  title={Computer, Internet, and e-mail use among older adults: Benefits and barriers},
  author={Gatto, Susan L and Tak, Sunghee H},
  journal={Educational Gerontology},
  volume={34},
  number={9},
  pages={800--811},
  year={2008},
  publisher={Taylor \& Francis}
}

@article{karavidas2005effects,
  title={The effects of computers on older adult users},
  author={Karavidas, Maria and Lim, Nicholas K and Katsikas, Steve L},
  journal={Computers in Human Behavior},
  volume={21},
  number={5},
  pages={697--711},
  year={2005},
  publisher={Elsevier}
}

@article{johnson2007designing,
  title={Designing universal access: web-applications for the elderly and disabled},
  author={Johnson, Robert and Kent, Simon},
  journal={Cognition, Technology \& Work},
  volume={9},
  number={4},
  pages={209--218},
  year={2007},
  publisher={Springer}
}

@article{laursen2001performance,
  title={Performance and muscle activity during computer mouse tasks in young and elderly adults},
  author={Laursen, Bjarne and Jensen, Bente R and Ratkevicius, Aivaras},
  journal={European journal of applied physiology},
  volume={84},
  number={4},
  pages={329--336},
  year={2001},
  publisher={Springer}
}

@INPROCEEDINGS{1167982,
author={Iwase, H. and Murata, A.},
booktitle={Systems, Man and Cybernetics, 2002 IEEE International Conference on},
title={Empirical study on improvement of usability -for touch-panel for elderly - comparison of usability between touch-panel and mouse},
year={2002},
month={Oct},
volume={1},
pages={252-257},
keywords={Aging;Equations;Error analysis;Interference;Libraries;Mice;Microcomputers;Senior citizens;Time measurement;Usability},
doi={10.1109/ICSMC.2002.1167982},
ISSN={1062-922X},}

@inproceedings{haikio2007touch,
  title={Touch-based user interface for elderly users},
  author={H{\"a}iki{\"o}, Juha and Wallin, Arto and Isomursu, Minna and Ailisto, Heikki and Matinmikko, Tapio and Huomo, Tua},
  booktitle={Proceedings of the 9th international conference on Human computer interaction with mobile devices and services},
  pages={289--296},
  year={2007},
  organization={ACM}
}

@article{wongolder,
  title={Older Adults and Computer Usage: Common Activities and Essential Applications},
  author={Wong, Melissa and Chan, Kristal and Madhugiri, Niti and Zhao, Shengdong}
}

@article{white1999surfing,
  title={Surfing the net in later life: A review of the literature and pilot study of computer use and quality of life},
  author={White, Heidi and McConnell, Eleanor and Clipp, Elizabeth and Bynum, Louise and Teague, Carmen and Navas, Luis and Craven, Sara and Halbrecht, Herbert},
  journal={Journal of Applied Gerontology},
  volume={18},
  number={3},
  pages={358--378},
  year={1999},
  publisher={Sage Publications}
}

@incollection{kobayashi2011elderly,
  title={Elderly user evaluation of mobile touchscreen interactions},
  author={Kobayashi, Masatomo and Hiyama, Atsushi and Miura, Takahiro and Asakawa, Chieko and Hirose, Michitaka and Ifukube, Tohru},
  booktitle={Human-Computer Interaction--INTERACT 2011},
  pages={83--99},
  year={2011},
  publisher={Springer}
}
@incollection{holzinger2008investigating,
  title={Investigating usability metrics for the design and development of applications for the elderly},
  author={Holzinger, Andreas and Searle, Gig and Kleinberger, Thomas and Seffah, Ahmed and Javahery, Homa},
  booktitle={Computers Helping People with Special Needs},
  pages={98--105},
  year={2008},
  publisher={Springer}
}
